@incollection{agda,
  title={Dependently typed programming in {A}gda},
  author={Norell, Ulf},
  booktitle={Advanced Functional Programming},
  pages={230--266},
  year={2009},
  publisher={Springer}
}
@article{coq,
  title={The {C}oq proof assistant reference manual: Version 6.1},
  author={Barras, Bruno and Boutin, Samuel and Cornes, Cristina and Courant, Judica{\"e}l and Filliatre, Jean-Christophe and Gimenez, Eduardo and Herbelin, Hugo and Huet, Gerard and Munoz, Cesar and Murthy, Chetan and others},
  year={1997}
}
@article{dybjer94,
  title={Inductive families},
  author={Dybjer, Peter},
  journal={Formal aspects of computing},
  volume={6},
  number={4},
  pages={440--465},
  year={1994},
  publisher={Springer}
}
@inproceedings{lean,
  author    = {Leonardo Mendon{\c{c}}a de Moura and
               Soonho Kong and
               Jeremy Avigad and
               Floris van Doorn and
               Jakob von Raumer},
  title     = {The {L}ean Theorem Prover (System Description)},
  booktitle = {Automated Deduction - {CADE-25} - 25th International Conference on
               Automated Deduction, Berlin, Germany, August 1-7, 2015, Proceedings},
  pages     = {378--388},
  year      = {2015},
  crossref  = {DBLP:conf/cade/2015},
  url       = {https://doi.org/10.1007/978-3-319-21401-6_26},
  doi       = {10.1007/978-3-319-21401-6_26},
  timestamp = {Sun, 21 May 2017 00:17:17 +0200},
  biburl    = {http://dblp.uni-trier.de/rec/bib/conf/cade/MouraKADR15},
  bibsource = {dblp computer science bibliography, http://dblp.org}
}
@inproceedings{ttintt,
  author    = {Thorsten Altenkirch and
               Ambrus Kaposi},
  title     = {Type theory in type theory using quotient inductive types},
  booktitle = {Proceedings of the 43rd Annual {ACM} {SIGPLAN-SIGACT} Symposium on
               Principles of Programming Languages, {POPL} 2016, St. Petersburg,
               FL, USA, January 20 - 22, 2016},
  pages     = {18--29},
  year      = {2016},
  crossref  = {DBLP:conf/popl/2016},
  url       = {http://doi.acm.org/10.1145/2837614.2837638},
  doi       = {10.1145/2837614.2837638},
  timestamp = {Fri, 08 Jan 2016 18:18:25 +0100},
  biburl    = {http://dblp2.uni-trier.de/rec/bib/conf/popl/AltenkirchK16},
  bibsource = {dblp computer science bibliography, http://dblp.org}
}
@proceedings{DBLP:conf/popl/2016,
  editor    = {Rastislav Bodik and
               Rupak Majumdar},
  title     = {Proceedings of the 43rd Annual {ACM} {SIGPLAN-SIGACT} Symposium on
               Principles of Programming Languages, {POPL} 2016, St. Petersburg,
               FL, USA, January 20 - 22, 2016},
  publisher = {{ACM}},
  year      = {2016},
  url       = {http://dl.acm.org/citation.cfm?id=2837614},
  isbn      = {978-1-4503-3549-2},
  timestamp = {Fri, 08 Jan 2016 18:18:25 +0100},
  biburl    = {http://dblp2.uni-trier.de/rec/bib/conf/popl/2016},
  bibsource = {dblp computer science bibliography, http://dblp.org}
}
@Book{hottbook,
  author =    {The {Univalent Foundations Program}},
  title =     {Homotopy Type Theory: Univalent Foundations of Mathematics},
  publisher = {\url{http://homotopytypetheory.org/book}},
  address =   {Institute for Advanced Study},
  year =      2013
}
@article{lean-meta,
  title={A metaprogramming framework for formal verification},
  author={Ebner, Gabriel and Ullrich, Sebastian and Roesch, Jared and Avigad, Jeremy and de Moura, Leonardo},
  journal={Proceedings of the ACM on Programming Languages},
  volume={1},
  number={ICFP},
  pages={34},
  year={2017},
  publisher={ACM}
}
@PHDTHESIS{nordvallinductive,
     author    = {Nordvall Forsberg, Fredrik},
     title     = {Inductive-inductive definitions},
     school    = {Swansea University},
     year      = {2013}
}
@phdthesis{gabephd,
  author = {Dijkstra, Gabe},
  title = {Quotient inductive-inductive definitions},
  school = {University of Nottingham},
  year = {2017}
}
@phdthesis{ambrusphd,
  author = {Ambrus Kaposi},
  title = {Type theory in a type theory with quotient inductive types},
  school = {University of Nottingham},
  year = {2016}
}
@Misc{hiit,
  author =	 {Ambrus Kaposi and András Kovács},
  title =	 {A syntax for higher inductive-inductive types},
  howpublished = {Submitted for publication},
  month =	 {January},
  year =	 {2018},
}
@Article{bernardy12parametricity,
	author = {Jean-Philippe Bernardy and Patrik Jansson and Ross Paterson},
	title = {Proofs for Free --- Parametricity for Dependent Types},
	journal = {Journal of Functional Programming},
	doi = {10.1017/S0956796812000056},
	year = {2012},
	volume = {22},
	number = {02},
	pages = {107--152},
	url     = {https://publications.lib.chalmers.se/cpl/record/index.xsql?pubid=135303}
}
